<record><leader>00000cas a22000007a 4500</leader><controlfield tag="001">23056116</controlfield><controlfield tag="008">910204d18871930mnuwr ne      0    0eng d</controlfield><datafield ind1=" " ind2=" " tag="010"><subfield code="a">sn 90057567 </subfield></datafield><datafield ind1=" " ind2=" " tag="040"><subfield code="a">MN#</subfield><subfield code="b">eng</subfield><subfield code="c">MN#</subfield><subfield code="d">OCLCQ</subfield><subfield code="d">OCLCF</subfield><subfield code="d">OCLCO</subfield></datafield><datafield ind1=" " ind2=" " tag="042"><subfield code="a">msc</subfield></datafield><datafield ind1=" " ind2=" " tag="043"><subfield code="a">n-us-mn</subfield></datafield><datafield ind1=" " ind2=" " tag="052"><subfield code="a">4144</subfield><subfield code="b">B9</subfield></datafield><datafield ind1=" " ind2=" " tag="052"><subfield code="a">4143</subfield><subfield code="b">W9</subfield></datafield><datafield ind1="0" ind2="4" tag="245"><subfield code="a">The Buffalo journal.</subfield></datafield><datafield ind1="3" ind2="0" tag="246"><subfield code="a">Buffalo journal and standard</subfield></datafield><datafield ind1=" " ind2=" " tag="260"><subfield code="a">Buffalo, Wright County, Minn. :</subfield><subfield code="b">W.H. Hellin,</subfield><subfield code="c">-1930.</subfield></datafield><datafield ind1=" " ind2=" " tag="300"><subfield code="a">v.</subfield></datafield><datafield ind1=" " ind2=" " tag="310"><subfield code="a">Weekly</subfield></datafield><datafield ind1="1" ind2=" " tag="362"><subfield code="a">Began Jan. 17, 1887.</subfield></datafield><datafield ind1="0" ind2=" " tag="362"><subfield code="a">-v. 44, no. 49 (Nov. 27, 1930).</subfield></datafield><datafield ind1=" " ind2=" " tag="500"><subfield code="a">Published as: The Buffalo journal and standard, May 2-May 9, 1900.</subfield></datafield><datafield ind1=" " ind2=" " tag="530"><subfield code="a">Available on microfilm from the Minnesota Historical Society.</subfield></datafield><datafield ind1=" " ind2=" " tag="588"><subfield code="a">Description based on: Vol. 2, no. 7 (Mar. 14, 1888).</subfield></datafield><datafield ind1=" " ind2="0" tag="651"><subfield code="a">Buffalo (Minn.)</subfield><subfield code="v">Newspapers.</subfield></datafield><datafield ind1=" " ind2="7" tag="655"><subfield code="a">Newspapers.</subfield><subfield code="2">fast</subfield><subfield code="0">(OCoLC)fst01423814</subfield></datafield><datafield ind1=" " ind2="7" tag="651"><subfield code="a">Minnesota</subfield><subfield code="z">Buffalo.</subfield><subfield code="2">fast</subfield><subfield code="0">(OCoLC)fst01227966</subfield></datafield><datafield ind1=" " ind2=" " tag="752"><subfield code="a">United States</subfield><subfield code="b">Minnesota</subfield><subfield code="c">Wright</subfield><subfield code="d">Buffalo.</subfield></datafield><datafield ind1="0" ind2="5" tag="780"><subfield code="t">Buffalo standard</subfield><subfield code="w">(DLC)sn 90057568</subfield></datafield><datafield ind1="0" ind2="7" tag="785"><subfield code="t">Wright County press</subfield></datafield><datafield ind1="0" ind2="7" tag="785"><subfield code="t">Wright County journal-press</subfield><subfield code="w">(DLC)sn 90057569</subfield></datafield></record>